@misc{scraping_legal,
author = "Tom Galvani",
title = "Is web scraping legal",
year = "2010",
OPTurl = "http://www.galvanilegal.com/is-web-scraping-legal/",
}


@book{koza92,
		author    = "Koza, John R.",
		title     = "Genetic Programming: On the Programming of Computers by Means of Natural Selection",
		publisher = "MIT Press",
		year      = "1992"
}


@misc{ wiki:latex,
       author = "Wikipedia",
       title = "LaTeX --- Wikipedia{,} La enciclopedia libre",
       year = "2015",
       url = "https://es.wikipedia.org/w/index.php?title=LaTeX&oldid=84209252",
       note = "[Internet; descargado 30-septiembre-2015]"
}

@misc{requeriments_VirtualBox,
author = "Oracle",
title = {Requisitos VirtualBox},
year = {2016},
url = "https://www.virtualbox.org/wiki/End-user_documentation",
}

@misc{cliente_servidor,
author = {EcuRed},
title = "Arquitectura Cliente Servidor",
year = "2016",
OPTurl = "https://www.ecured.cu/Arquitectura_Cliente_Servidor",
}

@misc{cotizacion_ss,
author = "Seguridad Social",
title = "Bases y tipos de cotizaci√≥n",
year = "2016",
OPTurl = "http://www.seg-social.es/Internet_1/Trabajadores/CotizacionRecaudaci10777/Basesytiposdecotiza36537/index.htm",
}

@misc{ wiki:licencia_php,
       author = "Wikipedia",
       title = "Licencia PHP --- Wikipedia{,} La enciclopedia libre",
       year = "2016",
       url = "https://es.wikipedia.org/w/index.php?title=Licencia_PHP&oldid=94634842",
       note = "[Internet; descargado 10-enero-2017]"
}

@misc{ wiki:copyleft,
       author = "Wikipedia",
       title = "Copyleft --- Wikipedia{,} La enciclopedia libre",
       year = "2016",
       url = "https://es.wikipedia.org/w/index.php?title=Copyleft&oldid=95681321",
       note = "[Internet; descargado 10-enero-2017]"
}

@misc{ wiki:licencia_apache,
       author = "Wikipedia",
       title = "Apache License --- Wikipedia{,} La enciclopedia libre",
       year = "2016",
       url = "https://es.wikipedia.org/w/index.php?title=Apache_License&oldid=93619014",
       note = "[Internet; descargado 10-enero-2017]"
}

@misc{ wiki:gnu_gpl,
       author = "Wikipedia",
       title = "GNU General Public License --- Wikipedia{,} La enciclopedia libre",
       year = "2016",
       url = "https://es.wikipedia.org/w/index.php?title=GNU_General_Public_License&oldid=95648701",
       note = "[Internet; descargado 10-enero-2017]"
}

@misc{imagen_cli_ser,
author = "CCM",
title = "Redes - Arquitectura Cliente/Servidor en 3 niveles",
year = "2016",
url = "http://es.ccm.net/contents/147-redes-arquitectura-cliente-servidor-en-3-niveles",
}

@book{tomlinson2010pro,
  title={Pro Drupal 7 Development},
  author={Tomlinson, Todd and VanDyke, John},
  year={2010},
  publisher={Apress}
}

@misc{ wiki:lamp,
       author = "Wikipedia",
       title = "LAMP --- Wikipedia{,} La enciclopedia libre",
       year = "2016",
       url = "\url{https://es.wikipedia.org/w/index.php?title=LAMP&oldid=94265579}",
       note = "[Internet; descargado 11-enero-2017]"
}